
@Book{Gao2017SLAM, 
title={14 Lectures on Visual SLAM: From Theory to Practice}, 
publisher = {Publishing House of Electronics Industry}, 
year = {2017}, 
author = {Xiang Gao and Tao Zhang and Yi Liu and Qinrui Yan}
}


